<?xml version="1.0" encoding="UTF-8"?><collection xmlns="http://www.loc.gov/MARC21/slim"><record><leader>00406nam--2200145-i-4500</leader><controlfield tag="001">000002967</controlfield><controlfield tag="002">20161230</controlfield><controlfield tag="005">20161230201025</controlfield><controlfield tag="008">060222s1000------------r-----000-0-eng-d</controlfield><datafield ind1=" " ind2=" " tag="080"><subfield code="a">771</subfield></datafield><datafield ind1=" " ind2=" " tag="100"><subfield code="a">Abribat, Marcel</subfield></datafield><datafield ind1=" " ind2=" " tag="245"><subfield code="a">Chimie physique des couches sensibles photo- graphiques</subfield></datafield><datafield ind1=" " ind2=" " tag="260"><subfield code="a">Paris, Presses Universitaires De France, 1954 249 P. Cu Fig</subfield></datafield><datafield ind1=" " ind2=" " tag="490"><subfield code="a">La Science Vivante</subfield></datafield><datafield ind1=" " ind2=" " tag="852"><subfield code="a">11704</subfield></datafield></record></collection>